% This file was created with JabRef 2.10b2.
% Encoding: UTF-8

\bibitem{Osipov:Zhou}
G. V. Osipov, J. Kurths, and Ch. Zhou. Synchronization in Oscillatory Networks
Springer Verlag. Berlin. 2008

\bibitem{Smirnov:Kurths}
L. A. Smirnov, A. K. Kryukov, G. V. Osipov, and J. Kurths.
Regul. Chaotic Dyn. 2007. 21, 849-861.

\bibitem{Bolotov:Osipov}
M. I. Bolotov, V. O. Munyaev, A. K. Kryukov, L. A. Smirnov, and G. V. Osipov.
Variety of rotation modes in a small chain of
coupled pendulums. Chaos. 2019. 29, 033109.

\bibitem{Pikovsky:Kurths} 
A. Pikovsky, M. Rosenblum, and J. Kurths. Synchronization. A Universal Concept
in Nonlinear Sciences. Cambridge University Press. 2001.

\bibitem{Afraimovich:Shalfeev}
V. S. Afraimovich, V. I. Nekorkin, G. V. Osipov, and V. D. Shalfeev.
Stability, Structures and Chaos in Nonlinear Synchronization Networks. World Scientific. Singapore, 1994.

\bibitem{Barone:Paterno}
A. Barone and G. Paterno, Physics and Applications of the Josephson Effect. John
Wiley and Sons Inc., 1982.

\bibitem{Yakushevich}
L. V. Yakushevich, Nonlinear Physics of DNA, 2nd ed. Wiley-VCH. Weinheim. 2004.

\bibitem{Braun:Kivshar}
O. M. Braun and Yu. S. Kivshar, The Frenkel-Kontorova Model: Concepts, Methods,
and Applications. Springer. Berlin. 2004.

